@misc{placeholder,
    author = {{placeholder}},
    title = {{placeholder}},
    year = {2016},
}

