%% Created using Papers on Tue, 28 Jan 2014.
%% http://papersapp.com/papers/

@phdthesis{Bartels:2012vd,
author = {Bartels, Richard},
title = {{The HiSPARC Experiment}},
school = {University College Utrecht},
year = {2012},
address = {Utrecht},
month = jan,
publisher = {University College Utrecht},
affiliation = {University College Utrecht},
read = {Yes},
rating = {0},
date-added = {2012-01-30T13:49:30GMT},
date-modified = {2014-01-28T09:55:18GMT},
abstract = {The research discussed in this report consists out of two parts. The first part is an examination of the most probable value (MPV) of a minimum ionizing particle (MIP) in the HiSPARC pulseheight histogram. Two causes for a shift in the position of the MPV are discerned. Firstly, the MPV will shift due to a change in high voltage and a corresponding change in gain of the photomultiplier tube (PMT). Secondly, the MPV is sensitive to temperature changes. There appears to be a linear anti-correlation between the position of the MPV and the temperature of the PMT. The second part of the research looks into the number of events per unit time. Due to the shifting MPV the usefulness of the number of counts per unit time declines. This is most obvious when considering the dependence of the number of events on the atmospheric pressure, without correction no clear correlation is observed. The research will show that if the position of the MPV is corrected for the number of counts per unit time does become a useful parameter. As a result of the correction, a linear anti-correlation is observed between the number of events per unit time and the atmospheric pressure.},
local-url = {file://localhost/Users/arne/Dropbox/Papers2/2012/Bartels/Bartels2012_.pdf},
file = {{Bartels2012_.pdf:/Users/arne/Dropbox/Papers2/2012/Bartels/Bartels2012_.pdf:application/pdf;Bartels2012_.pdf:/Users/arne/Dropbox/Papers2/2012/Bartels/Bartels2012_.pdf:application/pdf}},
uri = {\url{papers2://publication/uuid/F638F7D5-12D4-4551-A33B-ECDECD13F2A7}}
}

@techreport{Wolst:2009us,
author = {Wolst, Sjaak and van Heesch, Teun and Vriens, Arjan and Pennink, Dorrith and Vesting, Machiel and Poortenga, Frank},
title = {{Leraar in Onderzoek 2008/2009}},
year = {2009},
publisher = {HiSPARC},
read = {Yes},
rating = {0},
date-added = {2011-09-05T22:23:51GMT},
date-modified = {2014-01-28T09:50:27GMT},
url = {http://www.hisparc.nl/fileadmin/HiSPARC/documenten/Leraar_in_Onderzoek/HiSPARC_LIO_document_151009.pdf},
local-url = {file://localhost/Users/arne/Dropbox/Papers2/2009/Wolst/Wolst2009_.pdf},
file = {{Wolst2009_.pdf:/Users/arne/Dropbox/Papers2/2009/Wolst/Wolst2009_.pdf:application/pdf}},
uri = {\url{papers2://publication/uuid/0BC3F810-5236-4607-808F-CF20E57B30AB}}
}

@phdthesis{Fokkema:vh,
author = {Fokkema, David B R A},
title = {{The HiSPARC Cosmic Ray Experiment}},
school = {Nikhef},
year = {2012},
month = oct,
publisher = {Nikhef},
read = {Yes},
rating = {0},
date-added = {2012-03-23T16:19:21GMT},
date-modified = {2014-01-28T09:55:18GMT},
local-url = {file://localhost/Users/arne/Dropbox/Papers2/2012/Fokkema/Fokkema2012_.pdf},
file = {{Fokkema2012_.pdf:/Users/arne/Dropbox/Papers2/2012/Fokkema/Fokkema2012_.pdf:application/pdf;Fokkema2012_.pdf:/Users/arne/Dropbox/Papers2/2012/Fokkema/Fokkema2012_.pdf:application/pdf}},
uri = {\url{papers2://publication/uuid/3ADB5083-A5EF-4A43-B474-5F26BC1E273B}}
}

@techreport{Schultheiss:2010tm,
author = {Schultheiss, Niek and Meeuwsen, Wim and Vegting, Machiel and Montanus, J M C and Marcelis, Frans and Pennink, Dorrith and Remmers, Willem},
title = {{Leraar in Onderzoek 2009/2010}},
year = {2010},
publisher = {HiSPARC},
read = {Yes},
rating = {0},
date-added = {2011-09-05T22:27:47GMT},
date-modified = {2014-01-28T09:50:27GMT},
url = {http://www.hisparc.nl/fileadmin/HiSPARC/documenten/Leraar_in_Onderzoek/HiSPARC_LiO_document_071210.pdf},
local-url = {file://localhost/Users/arne/Dropbox/Papers2/2010/Schultheiss/Schultheiss2010_.pdf},
file = {{Schultheiss2010_.pdf:/Users/arne/Dropbox/Papers2/2010/Schultheiss/Schultheiss2010_.pdf:application/pdf}},
uri = {\url{papers2://publication/uuid/1B648453-42D1-4273-90FD-9ECD1AF73623}}
}

@phdthesis{lam:2013ty,
author = {lam, Ching Bon},
title = {{Monitoring the data quality of the HiSPARC detector array}},
school = {Universiteit Twente},
year = {2013},
publisher = {Universiteit Twente},
rating = {0},
date-added = {2014-01-28T09:51:54GMT},
date-modified = {2014-01-28T09:52:47GMT},
url = {message:%3C52454A8F.1030505@nikhef.nl%3E},
local-url = {file://localhost/Users/arne/Dropbox/Papers2/2013/lam/lam2013_.pdf},
file = {{lam2013_.pdf:/Users/arne/Dropbox/Papers2/2013/lam/lam2013_.pdf:application/pdf}},
uri = {\url{papers2://publication/uuid/5F15AEDF-3747-4B31-9ED2-E2CFBAA932D4}}
}

@article{Offerhaus:2013vf,
author = {Offerhaus, Sjoerd and Schultheiss, Niek and Bosboom, Niels and Bakker, Wytse and Rozendom, Hans and Neuraij, Paul and Montanus, J M C},
title = {{Leraar in Onderzoek 2011/2012}},
year = {2013},
pages = {1--107},
rating = {0},
date-added = {2014-01-28T09:51:54GMT},
date-modified = {2014-01-28T09:52:44GMT},
url = {http://www.hisparc.nl/docent-student/leraar-in-onderzoek/jaarverslagen/},
local-url = {file://localhost/Users/arne/Dropbox/Papers2/2013/Offerhaus/Offerhaus2013_.pdf},
file = {{Offerhaus2013_.pdf:/Users/arne/Dropbox/Papers2/2013/Offerhaus/Offerhaus2013_.pdf:application/pdf}},
uri = {\url{papers2://publication/uuid/1C4537FB-BD78-4D0F-8D40-DED6DB68774B}}
}

@techreport{Kleiss:2012un,
author = {Kleiss, Ramon D},
title = {{Data acquisitie in het HiSPARC experiment}},
year = {2012},
rating = {0},
date-added = {2014-01-28T09:51:54GMT},
date-modified = {2014-01-28T09:54:34GMT},
url = {message:%3C9AC2B9B8-0B44-4C70-8B4D-804B6F1EC631@gmail.com%3E},
local-url = {file://localhost/Users/arne/Dropbox/Papers2/2012/Kleiss/Kleiss2012_.pdf},
file = {{Kleiss2012_.pdf:/Users/arne/Dropbox/Papers2/2012/Kleiss/Kleiss2012_.pdf:application/pdf}},
uri = {\url{papers2://publication/uuid/80923A59-DFA4-42F4-B72D-2ED76E73E45A}}
}

@manual{SAPPHiRE,
title = {{SAPPHiRE Documentation}},
author = {Fokkema, David B R A},
year = {2012},
rating = {0},
date-added = {2014-01-28T09:48:47GMT},
date-modified = {2014-01-28T09:52:32GMT},
url = {http://hisparc.github.com/sapphire},
uri = {\url{papers2://publication/uuid/CD33C8D6-22E8-4B49-B629-C939D95B538F}}
}

@techreport{Bosboom:2011wa,
author = {Bosboom, Niels and Buisman, Henk and Kniest, Remon and Marcelis, Frans and Montanus, J M C and Schultheiss, Niek and de Souza, Daniel Wilke},
title = {{Leraar in Onderzoek 2010/2011}},
year = {2011},
read = {Yes},
rating = {0},
date-added = {2014-01-28T09:51:55GMT},
date-modified = {2014-01-28T09:52:40GMT},
url = {http://www.hisparc.nl/fileadmin/HiSPARC/documenten/Leraar_in_Onderzoek/HiSPARC_LiO_document_271011.pdf},
local-url = {file://localhost/Users/arne/Dropbox/Papers2/2011/Bosboom/Bosboom2011_.pdf},
file = {{Bosboom2011_.pdf:/Users/arne/Dropbox/Papers2/2011/Bosboom/Bosboom2011_.pdf:application/pdf}},
uri = {\url{papers2://publication/uuid/92B15216-7CC7-4A85-AEC3-D52AA337C9C7}}
}

