@article{floyd1962algorithm,
    author = {Floyd, Robert W.},
    title = {Algorithm 97: Shortest Path},
    journal = {Communications of the ACM},
    issue_date = {June 1962},
    volume = {5},
    number = {6},
    month = jun,
    year = {1962},
    issn = {0001-0782},
    pages = {345--},
    url = {http://doi.acm.org/10.1145/367766.368168},
    doi = {10.1145/367766.368168},
    acmid = {368168},
    publisher = {ACM},
    address = {New York, NY, USA},
} 
