@article{floyd1962algorithm,
    title = {Algorithm 97: shortest path},
    author = {Floyd, Robert W},
    journal = {Communications of the ACM},
    volume = {5},
    number = {6},
    pages = {345},
    year = {1962},
    publisher = {ACM}
}
