@article{pierog2013epos,
  title={EPOS LHC: test of collective hadronization with LHC data},
  author={Pierog, T and Karpenko, Iu and Katzy, JM and Yatsenko, E and Werner, K},
  journal={arXiv preprint arXiv:1306.0121},
  year={2013}
}
