% Scintillator detector

@unpublished{steijger2010mc,
    author = {Jos Steijger},
    title = {},
    howpublished = {HiSPARC Internal note},
    year = {2010},
    month = {January},
    day = {6},
}

@unpublished{steijger2010mppc,
    author = {Jos Steijger},
    title = {},
    howpublished = {HiSPARC Internal note},
    year = {2010},
    month = {January},
    day = {8},
}
