% Scintillator detector

@misc{overheid2011nlt,
    author = {{De Minister van Onderwijs, Cultuur en Wetenschap}},
    title = {Examenprogramma NLT vwo},
    journal = {Staatscourant},
    year = {2011},
    month = {May},
    day = {26},
    url = {https://zoek.officielebekendmakingen.nl/stcrt-2012-11699.pdf}
}

@misc{overheid2012nina,
    author = {{De Minister van Onderwijs, Cultuur en Wetenschap}},
    title = {Examenprogramma natuurkunde vwo},
    journal = {Staatscourant},
    year = {2012},
    month = {June},
    day = {08},
    url = {https://zoek.officielebekendmakingen.nl/stcrt-2012-11699.pdf}
}

@unpublished{montanus2015direction,
    author = {Montanus, J M C and {de Laat}, A P L S and Fokkema, David B R A},
    title = {Cosmic air shower direction reconstruction: methods, discrete timing and theoretical uncertainty analysis},
    howpublished = {HiSPARC Internal note},
    year = {2015},
    month = {July},
    day = {09},
}

@unpublished{steijger2010mc,
    author = {Jos Steijger},
    title = {Monte Carlo for transmission in HiSPARC detector},
    howpublished = {HiSPARC Internal note},
    year = {2010},
    month = {January},
    day = {06},
}

@unpublished{steijger2010mppc,
    author = {Jos Steijger},
    title = {},
    howpublished = {HiSPARC Internal note},
    year = {2010},
    month = {January},
    day = {08},
}

@unpublished{steijger2012direction,
    author = {Jos Steijger},
    title = {Direction reconstruction in HiSPARC},
    howpublished = {HiSPARC Internal note},
    year = {2012},
    month = {November},
    day = {12},
}

@article{schultheiss2016pair,
    author = {{Schultheiss}, N.~G.},
    title = {The field of view of a scintillator pair for cosmic rays},
    journal = {ArXiv e-prints},
    archivePrefix = {arXiv},
    eprint = {1601.00849},
    primaryClass = {astro-ph.IM},
    keywords = {Astrophysics - Instrumentation and Methods for Astrophysics},
    year = {2016},
    month = {January},
    adsurl = {http://adsabs.harvard.edu/abs/2016arXiv160100849S},
    adsnote = {Provided by the SAO/NASA Astrophysics Data System},
}


% Hardware

@manual{trimble2007resolutiont,
    author = {{Trimble}},
    title = {{Resolution T GPS Timing Receiver}},
    year = {2007},
    url = {http://trl.trimble.com/docushare/dsweb/Get/Document-550777/},
}

@manual{trimble2015bullet,
    author = {{Trimble}},
    title = {{Bullet GPS Antenna}},
    year = {2015},
    url = {http://trl.trimble.com/docushare/dsweb/Get/Document-8420/},
}

@manual{sgc2011bc408,
    author = {{Saint-Gobain Crystals}},
    title = {{Organic Scintillation Materials (BC-408)}},
    year = {2011},
    url = {http://www.crystals.saint-gobain.com/uploadedFiles/SG-Crystals/Documents/SGC%20BC400-404-408-412-416%20Data%20Sheet.pdf},
}

@manual{sgc2014bc600,
    author = {{Saint-Gobain Crystals}},
    title = {{Optical Cement (BC-600)}},
    year = {2014},
    url = {http://www.crystals.saint-gobain.com/uploadedFiles/SG-Crystals/Documents/SGC%20BC600%20Data%20Sheet.pdf},
}

@manual{et2010pmt,
    author = {{ET Enterprises, Ltd.}},
    title = {{9107B series data sheet}},
    year = {2010},
    url = {http://my.et-enterprises.com/pdf/9107B.pdf},
}

@manual{hamamatsu2007handbook,
    title = {Photomultiplier Tubes Basics and Applications},
    author = {{Hamamatsu Photonics K. K.}},
    year = {2007},
    url = {https://www.hamamatsu.com/resources/pdf/etd/PMT_handbook_v3aE.pdf},
}

@manual{verkooijen2008firmware,
    author = {Verkooijen, Hans},
    title = {{Message Structures HiSPARC}},
    year = {2008--2015},
    url = {http://www.nikhef.nl/~hansvk/hisparc/Message_Structures_Hisparc_V4.pdf},
}

@manual{davis2012vantagepro,
    author = {{Davis Instruments}},
    title = {{Vantage Pro2 Console Manual}},
    year = {2012},
    url = {http://www.davisnet.com/product_documents/weather/manuals/07395-234_IM_06312.pdf},
}

% PMT performance

@article{icecube2010pmt,
    title = {Calibration and Characterization of the IceCube Photomultiplier Tube},
    author = {R. Abbasi and others},
    collaboration = {The IceCube Collaboration},
    url = {http://arxiv.org/pdf/1002.2442v1.pdf},
    journal = {Nuclear Instruments and Methods in Physics Research Section A: Accelerators, Spectrometers, Detectors and Associated Equipment},
    volume = {618},
    issue = {1–3},
    year = {2010},
    month = {June},
    pages = {139–152},
    doi= {10.1016/j.nima.2010.03.102},
}


% Environmental

@mastersthesis{bartels2012mpv,
    title = {{The HiSPARC Experiment} An Analysis of the MPV and the Number of Events per Unit Time},
    author = {Richard T. Bartels},
    institution = {University College Utrecht},
    year = {2012},
    month = {February},
    type = {Bachelor's Thesis},
}

@mastersthesis{devries2012weather,
    title = {Search for a correlation between HiSPARC cosmic-ray data and weather measurements},
    author = {Loran {de Vries}},
    institution = {University of Amsterdam},
    year = {2012},
    month = {August},
}
