% PMT performance

@article{icecube2010pmt,
    title = {Calibration and Characterization of the IceCube Photomultiplier Tube},
    author = {R. Abbasi and others},
    collaboration = {The IceCube Collaboration},
    url = {http://arxiv.org/pdf/1002.2442v1.pdf},
    journal = {Nuclear Instruments and Methods in Physics Research Section A: Accelerators, Spectrometers, Detectors and Associated Equipment},
    volume = {618},
    issue = {1–3},
    year = {2010},
    month = {June},
    pages = {139–152},
    doi= {10.1016/j.nima.2010.03.102},
}


% Environmental

@mastersthesis{bartels2012mpv,
    title = {An Analysis of the MPV and the Number of Events per Unit Time},
    author = {Richard T. Bartels},
    institution = {University College Utrecht},
    year = {2012},
    month = {February},
    type = {Bachelor's Thesis},
}

@mastersthesis{devries2012weather,
    title = {Search for a correlation between HiSPARC cosmic-ray data and weather measurements},
    author = {Loran {de Vries}},
    institution = {University of Amsterdam},
    year = {2012},
    month = {August},
}
