% HiSPARC

@phdthesis{fokkema2012,
    author = {Fokkema, David B R A},
    title = {{The HiSPARC Cosmic Ray Experiment}},
    school = {Nikhef},
    year = {2012},
    month = {October},
    publisher = {Universiteit Twente},
}

@masterthesis{vries2012,
    author = {de Vries, Loran},
    title = {{Search for a correlation between HiSPARC cosmic-ray data and weather measurements}},
    school = {Universiteit van Amsterdam},
    year = {2012a},
    publisher = {Universiteit van Amsterdam},
}

@bachelorthesis{oostenbrugge2014,
    author = {van Oostenbrugge, Jorian},
    title = {{HiSPARC data acquisition: Designing and implementing a new baseline determining algorithm}},
    school = {Universiteit van Amsterdam},
    year = {2014},
    month = {August},
    publisher = {Universiteit van Amsterdam},
}

@bachelorthesis{lam2013,
    author = {Lam, Ching Bon},
    title = {{Monitoring the data quality of the HiSPARC detector array}},
    school = {Universiteit Twente},
    year = {2013},
    publisher = {Universiteit Twente},
}

@bachelorthesis{bartels2012,
    author = {Bartels, Richard},
    title = {{The HiSPARC Experiment}},
    school = {University College Utrecht},
    year = {2012},
    address = {Utrecht},
    month = {Januari},
    publisher = {University College Utrecht},
}

@techreport{kleiss2012,
    author = {Kleiss, Ramon D},
    title = {{Data acquisitie in het HiSPARC experiment}},
    year = {2012},
}

@book{lio2009,
    author = {Wolst, Sjaak and van Heesch, Teun and Vriens, Arjan and Pennink, Dorrith and Vesting, Machiel and Poortenga, Frank},
    title = {{Leraar in Onderzoek 2008/2009}},
    year = {2009},
    publisher = {FOM},
    url = {http://www.hisparc.nl/fileadmin/HiSPARC/documenten/Leraar_in_Onderzoek/HiSPARC_LIO_document_151009.pdf},
}

@book{lio2010,
    author = {Schultheiss, Niek and Meeuwsen, Wim and Vegting, Machiel and Montanus, J M C and Marcelis, Frans and Pennink, Dorrith and Remmers, Willem},
    title = {{Leraar in Onderzoek 2009/2010}},
    year = {2010},
    publisher = {FOM},
    url = {http://www.hisparc.nl/fileadmin/HiSPARC/documenten/Leraar_in_Onderzoek/HiSPARC_LiO_document_071210.pdf},
}

@book{lio2011,
    author = {Bosboom, Niels and Buisman, Henk and Kniest, Remon and Marcelis, Frans and Montanus, J M C and Schultheiss, Niek and de Souza, Daniel Wilke},
    title = {{Leraar in Onderzoek 2010/2011}},
    year = {2011},
    publisher = {FOM},
    url = {http://www.hisparc.nl/fileadmin/HiSPARC/documenten/Leraar_in_Onderzoek/HiSPARC_LiO_document_271011.pdf},
}

@book{lio2012,
    author = {Offerhaus, Sjoerd and Schultheiss, Niek and Bosboom, Niels and Bakker, Wytse and Rozendom, Hans and Neuraij, Paul and Montanus, J M C},
    title = {{Leraar in Onderzoek 2011/2012}},
    year = {2012},
    publisher = {FOM},
    url = {http://www.hisparc.nl/fileadmin/HiSPARC/documenten/Leraar_in_Onderzoek/HiSPARC_LiO_Rapport_101012.pdf},
}

@book{lio2013,
    author = {Zonneveld, Rickie and van Vulpen, Matthijs and Fokkema, David B R A and van Veen, Norbert and Schultheiss, Niek},
    title = {{Leraar in Onderzoek 2012/2013}},
    year = {2013},
    publisher = {HiSPARC},
    url = {http://www.hisparc.nl/docent-student/leraar-in-onderzoek/jaarverslagen/},
}

@manual{messages,
    author = {Verkooijen, Hans},
    title = {{Message Structures HiSPARC}},
    url = {http://www.nikhef.nl/~hansvk/hisparc/Message_Structures_Hisparc_V4.pdf},
}

@manual{sapphire,
    author = {Fokkema, David B R A},
    title = {{SAPPHiRE Documentation}},
    year = {2012},
    url = {http://docs.hisparc.nl/sapphire},
}

@manual{publicdb,
    author = {{HiSPARC}},
    title = {{Public Database documentation}},
    year = {2015},
    url = {http://docs.hisparc.nl/publicdb},
}



% Nasha


% KASCADE

@article{kascade:experiment,
    author = {{KASCADE Collaboration}},
    title = {{The cosmic-ray experiment KASCADE}},
    journal = {Nucl. Instrum. Meth. A},
    year = {2003},
    volume = {513},
    pages = {490-510},
}

@article{kascade:grande,
    author = {{KASCADE Collaboration}},
    title = {{The KASCADE-Grande experiment}},
    journal = {Nucl. Instrum. Meth. A},
    year = {2010},
    volume = {620},
    pages = {202-216},
}


% Auger

@article{auger:prototype,
    author = {{AUGER Collaboration}},
    title = {{Properties and performance of the prototype instrument for the Pierre Auger Observatory}},
    journal = {Nucl. Instrum. Meth. A},
    year = {2004},
    volume = {523},
    pages = {50-95},
}


% CORSIKA

@article{pierog2013,
    author = {Pierog, T. and Karpenko, Iu. and Katzy, J.M. and
              Yatsenko, E. and Werner, K.},
    title = {{EPOS LHC: test of collective hadronization with LHC data}},
    year = {2013},
    eprint = {1306.0121},
    archivePrefix = {arXiv},
    primaryClass = {hep-ph},
    reportNumber = {DESY-13-125},
    url = {http://arxiv.org/pdf/1306.0121.pdf},
}

@article{ostapchenko2013,
    author = {S. Ostapchenko},
    title = {{QGSJET-II: physics, recent improvements, and results for air showers}},
    journal = {EPJ Web of Conferences},
    volume = {52},
    year = {2013},
    pages = {02001},
    doi = {10.1051/epjconf/20135202001},
}

@article{fesefeldt1985,
    author = {Fesefeldt, H.},
    title = {{The Simulation of Hadronic Showers: Physics and Applications}},
    year = {1985},
    reportNumber = {PITHA-85-02},
    url = {http://cds.cern.ch/record/162911/files/CM-P00055931.pdf}
}

@online{egs4,
    author = {{KEK}},
    title = {{Electron Gamma Shower}},
    url = {http://rcwww.kek.jp/research/egs/},
}

@article{stokes2012,
    author = {Stokes, B.T. and Cady, R. and Ivanov, D. and Matthews, J.N. and Thomson, G.B.},
    title = {{Dethinning extensive air shower simulations}},
    journal = {Astroparticle Physics},
    volume = {35},
    year = {2012},
    pages = {759-766},
    url = {http://www.icrr.u-tokyo.ac.jp/~fukushim/WEB/pap/dethinning.pdf},
    doi = {10.1016/j.astropartphys.2012.03.004},
}

@online{gonzalez2011,
    author = {Gonzalez, Javier},
    title = {{Corsika Reader}},
    year = {2011},
    url = {https://github.com/HiSPARC/sapphire/commit/30764df2f99c87b3353fd068ab6798a18b3d284c},
}

@manual{sciutto1999,
    author = {Sciutto, S.J.},
    title = {{AIRES}: A System for air shower simulations. User's guide and reference manual. Version 2.2.0},
    year = {1999},
    eprint = {astro-ph/9911331},
    archivePrefix = {arXiv},
    primaryClass = {astro-ph},
}

% Other

@article{icecube:pmt,
    author = {{IceCube Collaboration}},
    title = {{Calibration and Characterization of the IceCube Photomultiplier Tube}},
    journal = {Nucl. Instrum. Meth. A},
    year = {2010},
    month = {June},
    volume = {618},
    pages = {139â€“152},
}

@techreport{nist:estar,
    author = {M.J. Berger et.al.},
    title = {{\sc ESTAR} stopping-power and range tables for electrons},
    url = {http://physics.nist.gov/PhysRefData/Star/Text/ESTAR.html},
    year = {2005},
    institution = {National Institute of Standards and Technology},
}


% Software

@online{github,
    author = {{GitHub Inc.}},
    title = {{GitHub}},
    url = {https://github.com/},
}

@online{travis,
    author = {{Travis CI GmbH}},
    title = {{Travis CI}},
    url = {https://travis-ci.org},
}

@online{coveralls,
    author = {{LEMUR Heavy Industries}},
    title = {{Coveralls}},
    url = {https://coveralls.io},
}

% and/or https://codecov.io
@online{codecov,
    author = {{Codecov}},
    title = {{Codecov - Code Coverage}},
    url = {https://codecov.io},
}

@misc{django,
    author = {{Django core team}},
    title = {{Django: A Web framework for the Python programming language}},
    organization = {Django Software Foundation},
    location = {Lawrence, Kansas, U.S.A.},
    url = {http://www.djangoproject.com/},
    year = {2005--},
}

@misc{openvpn,
    author = {{OpenVPN project}},
    title = {{OpenVPN: Providing Secure Access Anywhere in the World}},
    year = {2002--},
    url = {http://openvpn.net/},
}

@misc{nagios,
    author = {Ethan Galstad and others},
    title = {{Nagios: The Industry Standard in IT Infrastructure Monitoring}},
    year = {1999--},
    url = {http://www.nagios.org/},
}

@misc{tightvnc,
    author = {Constantin Kaplinsky and others},
    title = {{TightVNC: VNC-Compatible Free Remote Control / Remote Desktop Software}},
    year = {2001--},
    url = {http://www.tightvnc.com/},
}

@online{labview,
    author = {{National Instruments}},
    title = {{LabVIEW System Design Software}},
    url = {http://www.ni.com/labview/},
}

@misc{pytables,
    author = {Francesc Alted and Ivan Vilata and others},
    title = {{PyTables}: Hierarchical Datasets in {Python}},
    year = {2002--},
    url = {http://www.pytables.org/},
}

@online{pytables:optimization,
    author = {{PyTables maintainers}},
    title = {{PyTables}: Optimization tips},
    year = {2011},
    url = {http://www.pytables.org/usersguide/optimization.html},
}

@techreport{rfc7159,
    author = {T. Bray},
    title = {The JavaScript Object Notation (JSON) Data Interchange Format},
    howpublished = {Internet Requests for Comments},
    type = {RFC},
    number = {7159},
    year = {2014},
    month = {March},
    issn = {2070-1721},
    publisher = {RFC Editor},
    institution = {RFC Editor},
    url = {http://www.rfc-editor.org/rfc/rfc7159.txt},
}

@techreport{rfc4180,
    author = {Y. Shafranovich},
    title = {Common Format and MIME Type for Comma-Separated Values (CSV) Files},
    howpublished = {Internet Requests for Comments},
    type = {RFC},
    number = {4180},
    year = {2005},
    month = {October},
    issn = {2070-1721},
    publisher = {RFC Editor},
    institution = {RFC Editor},
    url = {http://www.rfc-editor.org/rfc/rfc4180.txt},
}

@techreport{ianatexttsv,
    author = {Paul Lindner},
    title = {Definition of tab-separated-values},
    institution = {U of MN Internet Gopher Team},
    publisher = {IANA},
    month = {June},
    year = {1993},
    url = {http://www.iana.org/assignments/media-types/text/tab-separated-values},
}

@online{git,
    author = {{Hamano, Junio and Torvalds, Linus and others}},
    title = {{Git}},
    url = {http://git-scm.com},
}

@online{bazaar,
    author = {{Canonical Ltd.}},
    title = {{Bazaar}},
    url = {http://bazaar.canonical.com/},
}

% Hardware

@online{trimble,
    author = {{Trimble}},
    title = {{Resolution T GPS Timing Receiver}},
    url = {http://trl.trimble.com/docushare/dsweb/Get/Document-550777/},
}

@manual{bc408,
    author = {{Saint-Gobain Crystals}},
    title = {{Organic Scintillation Materials (BC-408)}},
    year = {2011},
    url = {http://www.crystals.saint-gobain.com/uploadedFiles/SG-Crystals/Documents/SGC%20BC400-404-408-412-416%20Data%20Sheet.pdf},
}

@manual{bc600,
    author = {{Saint-Gobain Crystals}},
    title = {{Optical Cement (BC-600)}},
    url = {http://www.crystals.saint-gobain.com/uploadedFiles/SG-Crystals/Documents/SGC%20BC600%20Data%20Sheet.pdf},
}

@misc{et:pmt,
    author = {{ET Enterprises, Ltd.}},
    title = {{9107B series data sheet}},
    year = {2010},
    url = {http://my.et-enterprises.com/pdf/9107B.pdf},
}
